
@article{Xing:2015:AHA,
 author = {Xing, Jun and Wei, Li-Yi and Shiratori, Takaaki and Yatani, Koji},
 title = {Autocomplete Hand-drawn Animations},
 journal = {ACM Trans. Graph.},
 issue_date = {November 2015},
 volume = {34},
 number = {6},
 month = oct,
 year = {2015},
 issn = {0730-0301},
 pages = {169:1--169:11},
 articleno = {169},
 numpages = {11},
 url = {http://doi.acm.org/10.1145/2816795.2818079},
 doi = {10.1145/2816795.2818079},
 acmid = {2818079},
 keywords = {analysis, animation, auto-complete, beautification, deformation, drawing, synthesis, user interface, workflow},
} 


@article{Xing:2014:APR,
 author = {Xing, Jun and Chen, Hsiang-Ting and Wei, Li-Yi},
 title = {Autocomplete Painting Repetitions},
 journal = {ACM Trans. Graph.},
 issue_date = {November 2014},
 volume = {33},
 number = {6},
 month = nov,
 year = {2014},
 issn = {0730-0301},
 pages = {172:1--172:11},
 articleno = {172},
 numpages = {11},
 url = {http://doi.acm.org/10.1145/2661229.2661247},
 doi = {10.1145/2661229.2661247},
 acmid = {2661247},
 keywords = {analysis, autocomplete, context, digital painting, editing history, repetition, synthesis, texture, user interface, workflow},
} 

@inproceedings{Dai:2014:SOT,
  title={The synthesizability of texture examples},
  author={Dai, Dengxin and Riemenschneider, Hayko and Van Gool, Luc},
  booktitle={CVPR},
  pages={3027--3034},
  year={2014},
}
